
@article{kelemen_periodic_2007,
	title = {A periodic shear-heating mechanism for intermediate-depth earthquakes in the mantle},
	volume = {446},
	issn = {0028-0836, 1476-4687},
	url = {http://www.nature.com/doifinder/10.1038/nature05717},
	doi = {10.1038/nature05717},
	number = {7137},
	urldate = {2016-09-14},
	journal = {Nature},
	author = {Kelemen, Peter B. and Hirth, Greg},
	month = apr,
	year = {2007},
	pages = {787--790},
	file = {nature05717.pdf:/Users/mspieg/Library/Zotero/storage/8H39QHP2/nature05717.pdf:application/pdf;nature05717-s1.pdf:/Users/mspieg/Library/Zotero/storage/5TVZUV9N/nature05717-s1.pdf:application/pdf}
}